@article{DBLP:journals/corr/abs-1906-05264,
  author    = {Alexander Alexandrov and
               Konstantinos Benidis and
               Michael Bohlke{-}Schneider and
               Valentin Flunkert and
               Jan Gasthaus and
               Tim Januschowski and
               Danielle C. Maddix and
               Syama Sundar Rangapuram and
               David Salinas and
               Jasper Schulz and
               Lorenzo Stella and
               Ali Caner T{\"{u}}rkmen and
               Yuyang Wang},
  title     = {GluonTS: Probabilistic Time Series Models in Python},
  journal   = {CoRR},
  volume    = {abs/1906.05264},
  year      = {2019},
  url       = {http://arxiv.org/abs/1906.05264},
  archivePrefix = {arXiv},
  eprint    = {1906.05264},
  timestamp = {Mon, 17 Jun 2019 15:05:27 +0200},
  biburl    = {https://dblp.org/rec/journals/corr/abs-1906-05264.bib},
  bibsource = {dblp computer science bibliography, https://dblp.org}
}